% Encoding: UTF-8

@Misc{Dean2011,
  author       = {Derek Dean and Caroline Webb},
  title        = {Recovering from information overload},
  howpublished = {\url{http://www.mckinsey.com/business-functions/organization/our-insights/recovering-from-information-overload}},
  month        = jan,
  year         = {2011},
  note         = {[Online; accessed 5-Mar-2017]},
}

@Misc{IBMBigData,
  title        = {What is big data?},
  howpublished = {\url{https://www-01.ibm.com/software/data/bigdata/what-is-big-data.html}},
  note         = {[Online; accessed 5-Mar-2017]},
}

@Article{Kapoor2010,
  author  = {Bhaskar Kapoor and Savita Sharma},
  title   = {A Comparative Study Ontology Building Tools for Semantic Web Applications},
  journal = {International journal of Web \& Semantic Technology},
  year    = {2010},
  volume  = {1},
  number  = {3},
  month   = jul,
}

@Book{Shenk1997,
  title     = {Data smog : surviving the information glut},
  publisher = {HarperCollins Publishers},
  year      = {1997},
  author    = {David Shenk},
  isbn      = {00601870189780060187019},
}

@Article{Berners-Lee2001,
  author  = {Tim Berners-Lee and James Hendler and Ora Lassila},
  title   = {The Semantic Web},
  journal = {Scientific American Magazine},
  year    = {2001},
}

@Article{Gruber1993,
  author  = {Thomas R. Gruber},
  title   = {A Translation Approach to Portable Ontology Specifications},
  journal = {Knowledge Acquisition},
  year    = {1993},
  volume  = {5},
  number  = {2},
  pages   = {199-220},
}

@Misc{OntologyEditor,
  title        = {Ontology Editors},
  howpublished = {\url{https://www.w3.org/wiki/Ontology_editors}},
  month        = feb,
  year         = {2015},
  note         = {[Online; accessed 6-Mar-2017]},
}

@Misc{OWL2012,
  title        = {Web Ontology Language (OWL)},
  howpublished = {\url{https://www.w3.org/2001/sw/wiki/OWL}},
  month        = dec,
  year         = {2012},
  note         = {[Online; accessed 6-Mar-2017]},
}

@Article{Delfs2005,
  author  = {Ralph Delfs and Andreas Doms and Alexander Kozlenkov and Michael Schroeder},
  title   = {GoPubMed: ontology-based literature search applied to Gene Ontology and PubMed},
  journal = {Nucleic Acids Research},
  year    = {2005},
  month   = jul,
  doi     = {10.1093/nar/gki470},
}

@Article{Boubekeur2013,
  author  = {Fatiha Boubekeur and Wassila Azzoug},
  title   = {Concept-Based Indexing in Text Information Retrieval},
  journal = {International Journal of Computer Science \& Information Technology},
  year    = {2013},
  volume  = {5},
  number  = {1},
  month   = feb,
}

@Article{Salton1988,
  author  = {Gerard Salton and Christopher Buckley},
  title   = {Term-weighting Approaches in Automatic Text Retrieval},
  journal = {Information Processing and Management},
  year    = {1988},
  volume  = {24},
  number  = {5},
  pages   = {513-523},
}

@Book{Manning2008,
  title     = {Introduction to Information Retrieval},
  publisher = {Cambridge University Press},
  year      = {2008},
  author    = {Christopher D. Manning and Prabhakar Raghavan and Hinrich Sch√ºtze},
  isbn      = {9780521865715},
}

@Misc{Django,
  title        = {Why Django?},
  howpublished = {\url{https://www.djangoproject.com/start/overview/}},
  note         = {[Online; accessed 13-Mar-2017]},
}

@Misc{PDFjsDoc,
  title        = {PDF.js},
  howpublished = {\url{https://mozilla.github.io/pdf.js/}},
  note         = {[Online; accessed 15-Mar-2017]},
}

@Misc{PDFjsWiki,
  title        = {PDF.js},
  howpublished = {\url{https://en.wikipedia.org/wiki/PDF.js}},
  note         = {[Online; accessed 15-Mar-2017]},
}

@Misc{DjangoModels,
  title        = {Models},
  howpublished = {\url{https://docs.djangoproject.com/en/1.10/topics/db/models/}},
  note         = {[Online; accessed 13-Mar-2017]},
}

@Misc{Haystack,
  title        = {Welcome to Haystack!},
  howpublished = {\url{http://django-haystack.readthedocs.io/en/v2.5.1/}},
  note         = {[Online; accessed 15-Mar-2017]},
}

@Misc{Treebeard,
  title        = {django-treebeard},
  howpublished = {\url{http://django-treebeard.readthedocs.io/en/latest/index.html}},
  note         = {[Online; accessed 15-Mar-2017]},
}

@Misc{jQuery,
  title        = {jQuery},
  howpublished = {\url{https://jquery.com/}},
  note         = {[Online; accessed 15-Mar-2017]},
}

@Misc{Solr,
  title        = {Solr},
  howpublished = {\url{http://lucene.apache.org/solr/}},
  note         = {[Online; accessed 15-Mar-2017]},
}

@Misc{Redis,
  title        = {Introduction to Redis},
  howpublished = {\url{https://redis.io/topics/introduction}},
  note         = {[Online; accessed 15-Mar-2017]},
}

@Misc{Celery,
  title        = {Celery - Distributed Task Queue},
  howpublished = {\url{http://docs.celeryproject.org/en/3.1/}},
  note         = {[Online; accessed 15-Mar-2017]},
}

@Misc{DjangoApp,
  title        = {Writing your first Django app, part 1},
  howpublished = {\url{https://docs.djangoproject.com/en/1.10/intro/tutorial01/}},
  note         = {[Online; accessed 15-Mar-2017]},
}

@Comment{jabref-meta: databaseType:bibtex;}
